@article{Prechelt7LangComp,
    author = {Prechelt, Lutz},
    title = {An Empirical Comparison of Seven Programming Languages},
    journal = {Computer},
    volume = {33},
    number = {10},
    year = {2000},
    issn = {0018-9162},
    pages = {23--29},
    doi = {http://dx.doi.org/10.1109/2.876288},
    publisher = {IEEE Computer Society Press},
    address = {Los Alamitos, CA, USA},
}
%http://citeseerx.ist.psu.edu/viewdoc/summary?doi=10.1.1.93.87

@MISC{Henderson4OOLangComp,
    author = {Robert Henderson and B. Zorn},
    title = {A Comparison of Object-oriented Programming in Four Modern Languages},
    year = {1994}
}
%http://citeseerx.ist.psu.edu/viewdoc/summary?doi=10.1.1.14.6912


@ARTICLE{KristensenPerspCompOOLangs,
    author = {Bent Bruun Kristensen and Kasper Ã˜sterbye},
    title = {A Conceptual Perspective on the Comparison of Object-Oriented Programming Languages},
    journal = {SIGPLAN Notices},
    year = {1996},
    volume = {31},
    pages = {42--54}
}
%http://citeseerx.ist.psu.edu/viewdoc/summary?doi=10.1.1.56.7924

@ARTICLE{BrosgolAdaVsJavaTeaching,
    author = {Benjamin M. Brosgol},
    title = {A Comparison of Ada and Java as a Foundation Teaching Language},
    journal = {ACM SIGAda Ada Letters},
    year = {1998},
    volume = {18},
    pages = {18--5}
}
%http://citeseerx.ist.psu.edu/viewdoc/summary?doi=10.1.1.11.3492


@article{FeuerCVsPascal,
    author = {Feuer, Alan R. and Gehani, Narain H.},
    title = {Comparison of the Programming Languages C and Pascal},
    journal = {ACM Comput. Surv.},
    volume = {14},
    number = {1},
    year = {1982},
    issn = {0360-0300},
    pages = {73--92},
    doi = {http://doi.acm.org/10.1145/356869.356872},
    publisher = {ACM},
    address = {New York, NY, USA},
}

@article{DDJFloydeCompOOLangs,
    author = {Floyd, Michael},
    title = {Comparing object-oriented languages},
    journal = {Dr. Dobb's J.},
    volume = {18},
    number = {11},
    year = {1993},
    issn = {1044-789X},
    pages = {104--ff.},
    publisher = {CMP Media, Inc.},
    address = {USA},
}
%http://www.drdobbs.com/article/printableArticle.jhtml;jsessionid=L32R3E5JIY54ZQE1GHRSKHWATMY32JVN?articleId=184409096&dept_url=/


@inproceedings{BrosgolCompOOAdaVsJava,
    author = {Brosgol, Benjamin M.},
    title = {A comparison of the object-oriented features of Ada 95 and Java},
    booktitle = {TRI-Ada '97: Proceedings of the conference on TRI-Ada '97},
    year = {1997},
    isbn = {0-89791-981-5},
    pages = {213--229},
    location = {St. Louis, Missouri, United States},
    doi = {http://doi.acm.org/10.1145/269629.269652},
    publisher = {ACM},
    address = {New York, NY, USA},
}
%http://portal.acm.org/citation.cfm?id=269629.269652&coll=portal&dl=ACM&CFID=101097497&CFTOKEN=13565243

@inproceedings{DobbsCompConcurrent,
    author = {Dobbs, Verlynda},
    title = {A comparison of concurrent languages: a class project},
    booktitle = {SIGCSE '87: Proceedings of the eighteenth SIGCSE technical symposium on Computer science education},
    year = {1987},
    isbn = {0-89791-217-9},
    pages = {62--66},
    location = {St. Louis, Missouri, United States},
    doi = {http://doi.acm.org/10.1145/31820.31735},
    publisher = {ACM},
    address = {New York, NY, USA},
}
%http://portal.acm.org/citation.cfm?id=31820.31735&coll=portal&dl=ACM&CFID=101097497&CFTOKEN=13565243#

@article{NamiCompOOSoftEng,
    author = {Nami, Mohammad Reza},
    title = {A comparison of object-oriented languages in software engineering},
    journal = {SIGSOFT Softw. Eng. Notes},
    volume = {33},
    number = {4},
    year = {2008},
    issn = {0163-5948},
    pages = {1--5},
    doi = {http://doi.acm.org/10.1145/1384139.1384145},
    publisher = {ACM},
    address = {New York, NY, USA},
}
%http://portal.acm.org/citation.cfm?id=1384139.1384145&coll=portal&dl=ACM&CFID=101097497&CFTOKEN=13565243#

@article{StottsCompSurvofConc,
    author = {Stotts, Paul David},
    title = {A comparative survey of concurrent programming languages},
    journal = {SIGPLAN Not.},
    volume = {17},
    number = {10},
    year = {1982},
    issn = {0362-1340},
    pages = {50--61},
    doi = {http://doi.acm.org/10.1145/948086.948090},
    publisher = {ACM},
    address = {New York, NY, USA},
}
%http://portal.acm.org/citation.cfm?id=948086.948090&coll=portal&dl=ACM&CFID=101097497&CFTOKEN=13565243#

@inproceedings{TangAdaVsCpp,
    author = {Tang, L. S.},
    title = {A comparison of Ada and C++},
    booktitle = {TRI-Ada '92: Proceedings of the conference on TRI-Ada '92},
    year = {1992},
    isbn = {0-89791-529-1},
    pages = {338--349},
    location = {Orlando, Florida, United States},
    doi = {http://doi.acm.org/10.1145/143557.143974},
    publisher = {ACM},
    address = {New York, NY, USA},
}
%http://portal.acm.org/citation.cfm?id=143557.143974&coll=portal&dl=ACM&CFID=101097497&CFTOKEN=13565243#

