@article{Prechelt7LangComp,
    author = {Prechelt, Lutz},
    title = {An Empirical Comparison of Seven Programming Languages},
    journal = {Computer},
    volume = {33},
    number = {10},
    year = {2000},
    issn = {0018-9162},
    pages = {23--29},
    doi = {http://dx.doi.org/10.1109/2.876288},
    publisher = {IEEE Computer Society Press},
    address = {Los Alamitos, CA, USA},
}
%http://citeseerx.ist.psu.edu/viewdoc/summary?doi=101.1.93.87

@article{Henderson4OOLangComp,
    author = {Henderson, Robert and Zorn, Benjamin},
    title = {A comparison of object-oriented programming in four modern languages},
    journal = {Softw. Pract. Exper.},
    volume = {24},
    number = {11},
    year = {1994},
    issn = {0038-0644},
    pages = {1077--1095},
    doi = {http://dx.doi.org/10.1002/spe.4380241106},
    publisher = {John Wiley \& Sons, Inc.},
    address = {New York, NY, USA},
}
%http://citeseerx.ist.psu.edu/viewdoc/ummary?doi=10.1.1.14.6912

@article{FeuerCVsPascal,
    author = {Feuer, Alan R. and Gehani, Narain H.},
    title = {Comparison of the Programming Languages {C} and {P}ascal},
    journal = {ACM Comput. Surv.},
    volume = {14},
    number = {1},
    year = {1982},
    issn = {0360-0300},
    pages = {73--92},
    doi = {http://doi.acm.org/10.1145/356869.356872},
    publisher = {ACM},
    address = {New York, NY, USA},
}

@article{DDJFloydeCompOOLangs,
    author = {Floyd, Michael},
    title = {Comparing object-oriented languages},
    journal = {Dr. Dobb's J.},
    volume = {18},
    number = {11},
    year = {1993},
    issn = {1044-789X},
    pages = {104--ff.},
    publisher = {CMP Media, Inc.},
    address = {USA},
}
%http://www.drdobbs.com/article/printableArticle.jhtml;jsessionid=L32R3E5JIY54ZQE1GHRSKHWATMY32JVN?articleId=184409096&dept_url=/

@inproceedings{BrosgolCompOOAdaVsJava,
    author = {Brosgol, Benjamin M.},
    title = {A comparison of the object-oriented features of {A}da 95 and {J}ava},
    booktitle = {TRI-Ada '97: Proceedings of the conference on TRI-Ada '97},
    year = {1997},
    isbn = {0-89791-981-5},
    pages = {213--229},
    location = {St. Louis, Missouri, United States},
    doi = {http://doi.acm.org/10.1145/269629.269652},
    publisher = {ACM},
    address = {New York, NY, USA},
}
%http://portal.acm.org/citation.cfm?id=269629.269652&coll=portal&dl=ACM&CFID=101097497&CFTOKEN=13565243

@article{NamiCompOOSoftEng,
    author = {Nami, Mohammad Reza},
    title = {A comparison of object-oriented languages in software engineering},
    journal = {SIGSOFT Softw. Eng. Notes},
    volume = {33},
    number = {4},
    year = {2008},
    issn = {0163-5948},
    pages = {1--5},
    doi = {http://doi.acm.org/10.1145/1384139.1384145},
    publisher = {ACM},
    address = {New York, NY, USA},
}
%http://portal.acm.org/citation.cfm?id=1384139.1384145&coll=portal&dl=ACM&CFID=101097497&CFTOKEN=13565243#

@inproceedings{TangAdaVsCpp,
    author = {Tang, L. S.},
    title = {A comparison of {A}da and {C}++},
    booktitle = {TRI-Ada '92: Proceedings of the conference on TRI-Ada '92},
    year = {1992},
    isbn = {0-89791-529-1},
    pages = {338--349},
    location = {Orlando, Florida, United States},
    doi = {http://doi.acm.org/10.1145/143557.143974},
    publisher = {ACM},
    address = {New York, NY, USA},
}
%http://portal.acm.org/citation.cfm?id=143557.143974&coll=portal&dl=ACM&CFID=101097497&CFTOKEN=13565243#

@misc {tiobe,
    howpublished = {\url{http://www.tiobe.com/index.php/content/paperinfo/tpci/index.html}},
}

@misc {farklewikipedia,
    howpublished = {\url{http://en.wikipedia.org/wiki/Farkle/}},
}

@book{clojurebook,
    author = {Stuart Halloway},
    title = {Programming {C}lojure},
    publisher = {Pragmatic Bookshelf},
    year = {2009},
}

@misc {clojuretutorial,
    author = {R. Mark Volkmann},
    title = {Clojure - Functional Programming for the JVM},
    month = {nov},
    year = {2010},
    howpublished = {\url{http://java.ociweb.com/mark/clojure/article.html}},
}

@misc {clojuredotorg,
    howpublished = {\url{http://www.clojure.org}},
}

@misc {stackoverflow,
    howpublished = {\url{http://www.stackoverflow.com}},
}

@misc {peepcodeclojure,
    howpublished = {\url{http://peepcode.com/products/functional-programming-with-clojure}},
}
